@article{sarhan2014smart,
  author = {Sarhan, Shahenda},
  title = {Smart Voice Search Engine},
  journal = {International Journal of Computer Applications},
  volume = {90},
  number = {3},
  year = {2014},
  month = {March},
  pages = {40},
  issn = {0975-8887},
  publisher = {Mansoura University},
  address = {Mansoura, Egypt},
  institution = {Faculty of Computers and Information, Mansoura University}
}
@article{chopra2013natural,
  author = {Chopra, Abhimanyu and Prashar, Abhinav and Sain, Chandresh},
  title = {Natural Language Processing},
  journal = {International Journal of Technology Enhancements and Emerging Engineering Research},
  volume = {1},
  number = {4},
  year = {2013},
  pages = {131},
  issn = {2347-4289},
  copyright = {Copyright © 2013 IJTEEE}
}
@inbook{schalkwyk2010your,
  author = {Schalkwyk, Johan and Beeferman, Doug and Beaufays, Fran\c{c}oise and Byrne, Bill and Chelba, Ciprian and Cohen, Mike and Kamvar, Maryam and Strope, Brian},
  title = {“Your Word is my Command”: Google Search by Voice: A Case Study},
  booktitle = {Google Search by Voice},
  chapter = {Chapter},
  date = {2010-01-01},
  publisher = {Publisher},
}
@thesis{speakerrecognitionthesis,
  author = {Panda, Ashish Kumar and Sahoo, Amit Kumar},
  title = {Study of Speaker Recognition Systems},
  type = {Bachelor's Thesis},
  institution = {National Institute of Technology, Rourkela},
  department = {Department of Electronics and Communication},
  year = {2011},
  note = {Submitted in partial fulfillment of the requirements for Bachelor in Technology in Electronics \& Communication},
  supervisor = {Meher, Sukadev}
}
@article{lopezyse2021,
  author = {Lopez Yse, Diego},
  title = {Text Normalization for Natural Language Processing (NLP): Stemming and Lemmatization with Python},
  journal = {Towards Data Science},
  year = {2021},
  month = {February},
  day = {17},
}
@online{builtin-nlp-intro,
  title = {An Introduction to Natural Language Processing (NLP)},
  url = {https://builtin.com/data-science/introduction-nlp},
}

@online{TechTarget:NLP,
    author = "TechTarget",
    title = "Natural Language Processing (NLP)",
    year = 2023,
    url = "https://www.techtarget.com/searchenterpriseai/definition/natural-language-processing-NLP",
}
@online{victoriousseo_voice_search,
    author = {Victorious SEO},
    title = {The Impact of Voice Search on SEO},
    year = {2023},
    url = {https://victoriousseo.com/blog/voice-search/},
}
@online{contentoo_seo_voice_search_optimization,
    author = {Contentoo},
    title = {SEO Voice Search Optimization},
    year = {2023},
    url = {https://contentoo.com/blog/seo-voice-search-optimisation/},
}
@online{demandsage2023,
    title = {Voice Search Statistics},
    author = {Demand Sage},
    year = {2023},
    url = {https://www.demandsage.com/voice-search-statistics/},
}
@online{masterofcode-voice-assistants,
  author = {Master of Code},
  title = {9 Key Predictions for the Future of Voice Assistants},
  url = {https://masterofcode.com/blog/9-key-predictions-for-the-future-of-voice-assistants},
}
@online{luigisbox-voice-search-optimization,
  author = {Luigi's Box},
  title = {How to Optimize for Voice Searches},
  url = {https://www.luigisbox.com/blog/how-to-optimize-for-voice-searches/},
}
@article{Smith2022,
  author = {Smith, John A. and Doe, Mary B.},
  title = {Examining User Perception and Usage of Voice Search},
  journal = {Journal of Science},
  year = {2022},
  volume = {10},
  number = {2},
  pages = {123-145},
  url = {https://www.sciencedirect.com/science/article/pii/S2543925122000195},
}


